@article{owotogbe2019edge,
  title={Edge detection techniques on digital images-a review},
  author={Owotogbe, JS and Ibiyemi, TS and Adu, BA},
  journal={Int J Innov Sci Res Technol},
  volume={4},
  pages={329--332},
  year={2019}
}

@inproceedings{kumar2014detailed,
  title={A detailed review of feature extraction in image processing systems},
  author={Kumar, Gaurav and Bhatia, Pradeep Kumar},
  booktitle={2014 Fourth international conference on advanced computing \& communication technologies},
  pages={5--12},
  year={2014},
  organization={IEEE}
}

@article{ping2013review,
  title={A review on image feature extraction and representation techniques},
  author={ping Tian, Dong and others},
  journal={International Journal of Multimedia and Ubiquitous Engineering},
  volume={8},
  number={4},
  pages={385--396},
  year={2013},
  publisher={Citeseer}
}

@article{felzenszwalb2005representation,
  title={Representation and detection of deformable shapes},
  author={Felzenszwalb, Pedro F},
  journal={IEEE Transactions on Pattern Analysis and Machine Intelligence},
  volume={27},
  number={2},
  pages={208--220},
  year={2005},
  publisher={IEEE}
}

@inproceedings{halimi2019unsupervised,
  title={Unsupervised learning of dense shape correspondence},
  author={Halimi, Oshri and Litany, Or and Rodola, Emanuele and Bronstein, Alex M and Kimmel, Ron},
  booktitle={Proceedings of the IEEE/CVF Conference on Computer Vision and Pattern Recognition},
  pages={4370--4379},
  year={2019}
}

@inproceedings{varshni2019pneumonia,
  title={Pneumonia detection using CNN based feature extraction},
  author={Varshni, Dimpy and Thakral, Kartik and Agarwal, Lucky and Nijhawan, Rahul and Mittal, Ankush},
  booktitle={2019 IEEE international conference on electrical, computer and communication technologies (ICECCT)},
  pages={1--7},
  year={2019},
  organization={IEEE}
}

@article{gumaei2019hybrid,
  title={A hybrid feature extraction method with regularized extreme learning machine for brain tumor classification},
  author={Gumaei, Abdu and Hassan, Mohammad Mehedi and Hassan, Md Rafiul and Alelaiwi, Abdulhameed and Fortino, Giancarlo},
  journal={IEEE Access},
  volume={7},
  pages={36266--36273},
  year={2019},
  publisher={IEEE}
}

@article{hu2020spatial,
  title={Spatial--spectral feature extraction via deep ConvLSTM neural networks for hyperspectral image classification},
  author={Hu, Wen-Shuai and Li, Heng-Chao and Pan, Lei and Li, Wei and Tao, Ran and Du, Qian},
  journal={IEEE Transactions on Geoscience and Remote Sensing},
  volume={58},
  number={6},
  pages={4237--4250},
  year={2020},
  publisher={IEEE}
}

@article{rasti2020feature,
  title={Feature extraction for hyperspectral imagery: The evolution from shallow to deep: Overview and toolbox},
  author={Rasti, Behnood and Hong, Danfeng and Hang, Renlong and Ghamisi, Pedram and Kang, Xudong and Chanussot, Jocelyn and Benediktsson, Jon Atli},
  journal={IEEE Geoscience and Remote Sensing Magazine},
  volume={8},
  number={4},
  pages={60--88},
  year={2020},
  publisher={IEEE}
}

@article{wu2017introduction,
  title={Introduction to convolutional neural networks},
  author={Wu, Jianxin},
  journal={National Key Lab for Novel Software Technology. Nanjing University. China},
  volume={5},
  number={23},
  pages={495},
  year={2017}
}

@article{alzubaidi2021review,
  title={Review of deep learning: Concepts, CNN architectures, challenges, applications, future directions},
  author={Alzubaidi, Laith and Zhang, Jinglan and Humaidi, Amjad J and Al-Dujaili, Ayad and Duan, Ye and Al-Shamma, Omran and Santamar{\'\i}a, J and Fadhel, Mohammed A and Al-Amidie, Muthana and Farhan, Laith},
  journal={Journal of big Data},
  volume={8},
  number={1},
  pages={1--74},
  year={2021},
  publisher={Springer}
}

@inproceedings{melekhov2016siamese,
  title={Siamese network features for image matching},
  author={Melekhov, Iaroslav and Kannala, Juho and Rahtu, Esa},
  booktitle={2016 23rd international conference on pattern recognition (ICPR)},
  pages={378--383},
  year={2016},
  organization={IEEE}
}


@article{appalaraju2017image,
  title={Image similarity using deep CNN and curriculum learning},
  author={Appalaraju, Srikar and Chaoji, Vineet},
  journal={arXiv preprint arXiv:1709.08761},
  year={2017}
}

@inproceedings{8217759,
  author={Suo, Qiuling and Ma, Fenglong and Yuan, Ye and Huai, Mengdi and Zhong, Weida and Zhang, Aidong and Gao, Jing},
  booktitle={2017 IEEE International Conference on Bioinformatics and Biomedicine (BIBM)}, 
  title={Personalized disease prediction using a CNN-based similarity learning method}, 
  year={2017},
  volume={},
  number={},
  pages={811-816},
  doi={10.1109/BIBM.2017.8217759}
}


@inproceedings{chopra2005learning,
  title={Learning a similarity metric discriminatively, with application to face verification},
  author={Chopra, Sumit and Hadsell, Raia and LeCun, Yann},
  booktitle={2005 IEEE Computer Society Conference on Computer Vision and Pattern Recognition (CVPR'05)},
  volume={1},
  pages={539--546},
  year={2005},
  organization={IEEE}
}


@article{attarian2020transforming,
  title={Transforming neural network visual representations to predict human judgments of similarity},
  author={Attarian, Maria and Roads, Brett D and Mozer, Michael C},
  journal={arXiv preprint arXiv:2010.06512},
  year={2020}
}


